@article{Popek:1974:FRV:361011.361073,
 author = {Popek, Gerald J. and Goldberg, Robert P.},
 title = {Formal Requirements for Virtualizable Third Generation Architectures},
 journal = {Commun. ACM},
 issue_date = {July 1974},
 volume = {17},
 number = {7},
 month = jul,
 year = {1974},
 issn = {0001-0782},
 pages = {412--421},
 numpages = {10},
 url = {http://doi.acm.org/10.1145/361011.361073},
 doi = {10.1145/361011.361073},
 acmid = {361073},
 publisher = {ACM},
 address = {New York, NY, USA},
 keywords = {abstract model, formal requirements, hypervisor, operating system, proof, sensitive instruction, third generation architecture, virtual machine, virtual machine monitor, virtual memory},
} 

@misc{lewis_2017,
title={Container Runtimes Part 1: An Introduction to Container Runtimes}, url={https://www.ianlewis.org/en/container-runtimes-part-1-introduction-container-r}, author={Lewis, Ian}, 
year={2017}, 
month={Dec}
} 

@misc{open_containers_initiative_2016, 
title={Home - Open Containers Initiative}, 
url={https://www.opencontainers.org/}, 
journal={Open Containers Initiative}, 
author={Linux Foundation}, 
year={2016}
} 

@misc{opencontainers_runtime-spec_2017, url={https://github.com/opencontainers/runtime-spec/blob/master/runtime.md}, 
author = {Open Container Inititiative},
title = {GitHub:opencontainers/runtime-spec/runtime.md},
year={2017}, 
month={Oct}
} 

@book{center_for_internet_security, 
title={CIS Docker 1.13.0 Benchmark}, 
author={Center for Internet Security},
year={2017},
publisher={Center for Internet Security}
} 


@misc{CIS_Communities, 
url={https://www.cisecurity.org/communities/}, 
author = {Center for Internet Security},
title = {Communities},
year={2019}
} 

@misc{CIS_Benchmarks, 
url={https://www.cisecurity.org/cis-benchmarks/}, 
author = {Center for Internet Security},
title = {CIS Benchmarks},
year={2019}
} 

@misc{man_capabilities, 
url={http://man7.org/linux/man-pages/man7/capabilities.7.html}, 
author = {Linux Programmer's Manual},
title = {capabilities - overview of Linux capabilities},
year={2019},
month={November}
} 

@misc{containerd_policy_json, url={https://github.com/containers/image/blob/master/docs/containers-policy.json.5.md}, 
title = {GitHub:image/containers-policy.json.5.md },
year={2019}, 
month={Mar}
} 

@misc{healthcheck_crio,
url={https://github.com/cri-o/cri-o/blob/master/vendor/github.com/containers/libpod/libpod/healthcheck.go}, 
title = {GitHub:cri-o/healthcheck.go },
year={2019}, 
month={Dec}
} 

@misc{aqua_blog,
url={https://blog.aquasec.com/dns-spoofing-kubernetes-clusters}, 
title = {DNS Spoofing on Kubernetes Clusters},
author = {Daniel Sagi},
year={2019}, 
month={Aug}
} 
